@inproceedings{nfvwhitepaper1,
    author     = "AT\&T and {British Telecom} and CenturyLink and {China Mobile} and Colt and {Deutsche Telekom} and KDDI and NTT and Orange and {Telecom Italia} and Telefonica and Telstra and Verizon",
    title      = "Network Functions Virtualisation. An Introduction, Benefits, Enablers, Challenges \& Call for Action",
    booktitle  = "SDN and OpenFlow World Congress",
    year       = "2012",
    location   = "Darmstadt (Germania)",
    month      = "10",
    % url        = "https://portal.etsi.org/nfv/nfv_white_paper.pdf"
}

@inproceedings{nfvwhitepaper2,
    author     = "AT\&T and {British Telecom} and CableLabs and CenturyLink and {China Mobile} and {China Telecom} and {China Unicom} and Colt and {Deutsche Telekom} and DOCOMO and KDDI and KT and NTT and Orange and {Portugal Telecom} and {SK Telecom} and Softbank and Sprint and Swisscom and {Telecom Italia} and Telefonica and Telenor and Telstra and Verizon and Vodafone",
    title      = "Network Functions Virtualisation (NFV): Network Operator Perspectives on Industry Progress",
    booktitle  = "SDN and OpenFlow World Congress",
    year       = "2013",
    location   = "Francoforte (Germania)",
    month      = "10",
    % url        = "https://portal.etsi.org/nfv/nfv_white_paper2.pdf",
    doi        = "10.13140/RG.2.1.4110.2883"
}

@techreport{estinfv002,
   title       = "Architectural Framework",
   number      = "ETSI GS NFV 002 v1.2.1",
   author      = "NFV Specification Group",
   institution = "European Telecommunications Standards Institute",
   year        = "2014",
   month       = "12",
   % url         = "https://www.etsi.org/deliver/etsi_gs/nfv/001_099/002/01.02.01_60/gs_nfv002v010201p.pdf"
}

@inproceedings{revolutiontim,
    author    = "Asmone, Raffaella and Gelosia, Paolo and Parmeggiani, Lorella and Tavilla, Rossella",
    title     = "La R-Evolution del Trasporto",
    booktitle = "Notiziario Tecnico TIM",
    year      = "2020",
    volume    = "3",
    pages     = "44-59",
    % url     = "https://www.gruppotim.it/content/dam/telecomitalia/it/archivio/documenti/Innovazione/MnisitoNotiziario/2020/2020-3/cap04_La_R-Evolution_rasporto.pdf"
}

@misc{dpdk-intro,
    author    = "Warnicke, Ed and O'Driscoll, Tim",
    title     = "Data Plane Development Kit Intro",
    date      = "2016-06-21",
    howpublished = "OPNFV Summit",
    % url       = "https://fd.io/docs/vpp/v2005/events/summits/opnfv/opnfvsummit/2016_06_21_s1_introduction.html"
}

@misc{vpp-overview,
    author    = "Burns, Keith and Barach, Dave",
    title     = "VPP Overview",
    month     = "4",
    year      = "2016",
    howpublished = "FD.io /dev/boot Training \& Hackfest",
    location  = "San Jose (California)",
    % url       = "https://www.youtube.com/watch?v=9Bk9pj71qWY&list=PLWHpG2-3ZXXteDBrVaDhaT9w-58Uu33sK&index=3",
}

@online{pim-linux-cp,
    author    = "van Pelt, Pim",
    title     = "VPP Linux CP",
    year      = "2021",
    url       = "https://ipng.ch/s/articles/",
    urldate   = "2022-05-18",
    note      = "(serie di articoli)"
}

@MISC {danos-whitepaper,
    author = "AT\&T",
    title  = "Towards an Open, Disaggregated Network Operating System",
    year   = "2017",
    % url    = "https://about.att.com/content/dam/innovationblogdocs/att-routing-nos-open-architecture_FINAL%20whitepaper.pdf"
}

@inproceedings{xdp-paper,
    author = {H\o{}iland-J\o{}rgensen, Toke and Brouer, Jesper Dangaard and Borkmann, Daniel and Fastabend, John and Herbert, Tom and Ahern, David and Miller, David},
    title = {The EXpress Data Path: Fast Programmable Packet Processing in the Operating System Kernel},
    year = {2018},
    isbn = {9781450360807},
    publisher = {Association for Computing Machinery},
    address = {New York, NY, USA},
    % url = {https://doi.org/10.1145/3281411.3281443},
    doi = {10.1145/3281411.3281443},
    booktitle = {Proceedings of the 14th International Conference on Emerging Networking EXperiments and Technologies},
    pages = {54–66},
    numpages = {13},
    keywords = {XDP, programmable networking, DPDK, BPF},
    location = {Heraklion (Grecia)},
    series = {CoNEXT '18}
}

@online{xdp-router-apnic,
    author  = "Toonk, Andree",
    title   = "How to: Build an XDP based BGP peering router",
    url     = "https://blog.apnic.net/2020/04/30/how-to-build-an-xdp-based-bgp-peering-router/",
    date    = "2020-04-30",
    urldate = "2022-05-20"
}

@inproceedings{cloudflare-ddos-xdp,
    title     = "XDP in practice: integrating XDP into our DDoS mitigation pipeline",
    author    = "Bertin, Gilberto",
    booktitle = "Technical Conference on Linux Networking, Netdev",
    year      = "2017",
    month     = "4",
    location  = "Montreal (Canada)",
    % url       = "https://legacy.netdevconf.info/2.1/session.html?bertin"
}

@techreport{intel-sriov,
    author      = "Kutch, Patrick and Johnson, Brian",
    title       = "SR-IOV for NFV Solutions. Practical considerations and thoughts.",
    institution = "Intel Networking Division",
    year        = "2017",
    month       = "2",
    number      = "335625-001",
    % url         = "http://www.intel.com/content/dam/www/public/us/en/documents/technology-briefs/sr-iov-nfv-tech-brief.pdf",
    % url         = "https://telcocloudbridge.com/blog/dpdk-vs-sr-iov-for-nfv-why-a-wrong-decision-can-impact-performance/",
}

@inproceedings{cisco-sriov,
    author = {Pitaev, Nikolai and Falkner, Matthias and Leivadeas, Aris and Lambadaris, Ioannis},
    title = {Characterizing the Performance of Concurrent Virtualized Network Functions with OVS-DPDK, FD.IO VPP and SR-IOV},
    year = {2018},
    isbn = {9781450350952},
    publisher = {Association for Computing Machinery},
    address = {New York, NY, USA},
    doi = {10.1145/3184407.3184437},
    booktitle = {Proceedings of the 2018 ACM/SPEC International Conference on Performance Engineering},
    pages = {285–292},
    numpages = {8},
    keywords = {VNF performance, fd.io VPP, OVS, SR-IoV, OVS-DPDK, KVM, hypervisors, NFV, virtualized system architectures},
    location = {Berlino (Germania)},
    series = {ICPE '18}
}

@manual{vmware-vcloud,
    title        = "Architecting a vCloud NFV Platform",
    organization = "VMware",
    edition      = "Reference Architecture v2.0",
    % url          = "https://www.vmware.com/content/dam/digitalmarketing/vmware/en/pdf/techpaper/vmware-vcloud-nfv-reference-architecture-v2.0.pdf"
}